@book{peschel1986predator,
  title={The predator-prey model: do we live in a Volterra world?},
  author={Peschel, Manfred and Mende, Werner},
  year={1986},
  publisher={Springer}
}

@article{brenig1988complete,
  title={Complete factorisation and analytic solutions of generalized Lotka-Volterra equations},
  author={Brenig, L{\'e}on},
  journal={Physics Letters A},
  volume={133},
  number={7-8},
  pages={378--382},
  year={1988},
  publisher={Elsevier}
}

@phdthesis{gouze1990transformation,
  title={Transformation of polynomial differential systems in the positive orthant},
  author={Gouz{\'e}, Jean-Luc},
  year={1990},
  school={INRIA}
}

@inproceedings{kour2014real,
  title={Real-time segmentation of on-line handwritten arabic script},
  author={Kour, George and Saabne, Raid},
  booktitle={Frontiers in Handwriting Recognition (ICFHR), 2014 14th International Conference on},
  pages={417--422},
  year={2014},
  organization={IEEE}
}

@phdthesis{szederkenyi2012computational,
  title={Computational methods for the analysis of nonnegative polynomial systems},
  author={Szederk{\'e}nyi, G{\'a}bor},
  year={2012},
  school={MTA SZTAKI}
}

@book{szederkenyi2018analysis,
  title={Analysis and control of polynomial dynamic models with biological applications},
  author={Szederkenyi, Gabor and Magyar, Attila and Hangos, Katalin M},
  year={2018},
  publisher={Academic Press}
}

@inproceedings{kour2014fast,
  title={Fast classification of handwritten on-line Arabic characters},
  author={Kour, George and Saabne, Raid},
  booktitle={Soft Computing and Pattern Recognition (SoCPaR), 2014 6th International Conference of},
  pages={312--318},
  year={2014},
  organization={IEEE}
}

@article{hadash2018estimate,
  title={Estimate and Replace: A Novel Approach to Integrating Deep Neural Networks with Existing Applications},
  author={Hadash, Guy and Kermany, Einat and Carmeli, Boaz and Lavi, Ofer and Kour, George and Jacovi, Alon},
  journal={arXiv preprint arXiv:1804.09028},
  year={2018}
}